
@misc{tetrapark,
  title = {{Tetra Pak}},
  howpublished = {\url{https://pt.wikipedia.org/wiki/Tetra_Pak}},
  note = {Acessado: 30/08/2018}
}

@misc{googleplay,
  title = {{Google Play}},
  howpublished = {\url{https://play.google.com/store}},
  note = {Acessado: 30/08/2018}
}


@misc{appstore,
  title = {{App Store}},
  howpublished = {\url{https://www.apple.com/br/ios/app-store/}},
  note = {Acessado: 30/08/2018}
}


